3017 4734
438 375 674 450 omn
722 354 1044 448 annexu:
1212 380 1248 467 tp

261 551 360 638 AD
403 546 806 634 LECTOREM
853 539 1227 633 CHRONICI

246 717 393 804 Rerum
421 717 715 802 memorabilium
736 711 953 830 Hispania,
984 714 1085 827 quod
1096 709 1246 831 soripfit

436 829 621 918 Jobonnes
652 830 811 944 Vasaeus
844 829 1063 950 Brugenfis,

587 1007 910 1096 Cannam

242 1169 469 1352 PHoebut
485 1190 521 1249 ut
542 1173 704 1269 aequoreis
719 1200 823 1265 putus
837 1201 917 1249 etun
934 1175 1046 1272 surget
1065 1174 1108 1250 ab
1129 1172 1250 1260 undist'

348 1275 497 1367 Fulgore
524 1272 678 1346 obscurat
703 1271 807 1346 sidera
828 1274 914 1346 clara
935 1299 1046 1348 novo:
1152 1293 1157 1304 “

145 1383 147 1388 ’
243 1370 380 1442 Fertilis
407 1373 542 1464 Europe
566 1370 797 1466 Libyamque,
818 1369 995 1466 Asiamque
1020 1369 1203 1458 nitentem,

300 1467 357 1536 Sic
383 1463 508 1558 superat
531 1468 643 1548 creso,
666 1489 789 1562 gente,
816 1469 959 1552 decore,
988 1467 1070 1572 soso²

248 1567 371 1657 Quam
399 1560 494 1654 super
518 1565 627 1634 elucet
648 1563 728 1638 felix
750 1562 933 1656 Hispania,
958 1583 1122 1660 quantum

300 1661 394 1730 Inter
415 1682 497 1751 opes
522 1661 598 1734 alias
621 1683 718 1736 aurea
742 1661 855 1734 lamna'
879 1663 990 1734 mic’at.

248 1759 345 1832 Nam
367 1753 540 1847 splendore
568 1756 627 1829 suo
656 1775 772 1853 gentes
798 1760 909 1831 allexit
931 1761 1043 1843 ans,

301 1853 394 1927 cam
420 1853 535 1948 Tyriis
558 1857 727 1939 Gratum,
749 1855 864 1928 Africa
887 1880 1012 1951 regna,
1036 1856 1157 1932 Getam

250 1951 329 2042 Qui
352 1952 492 2022 totidem
511 1948 681 2044 Hispania
703 1949 837 2044 populis
860 1952 981 2025 de'cora
1003 1953 1067 2025 asta
1086 1947 1231 2038 dedere?

302 2049 403 2139 Quot
429 2049 574 2142 gaudent
601 2052 688 2122 Ana
713 2067 804 2142 prata
830 2051 1002 2143 perampla
1027 2049 1143 2122 boves.

251 2144 400 2217 Prtebuit
421 2144 476 2216 hic
501 2143 651 2240 profugo
675 2144 790 2218 sedem
816 2147 1012 2220 Salmantica
1039 2147 1203 2230 Teucro,

302 2242 395 2330 Qua
415 2241 629 2313 Salaminiaco
653 2245 788 2315 nomiae
816 2246 940 2336 gaudet
964 2243 1087 2316 adhuc.

251 2339 420 2410 Providus
445 2337 495 2421 stis
517 2337 613 2410 tertis
635 2333 747 2410 sedern
773 2335 833 2410 fibi
855 2339 929 2411 fixit
955 2337 1107 2432 Ulyssem

302 2436 384 2526 Qua
408 2431 585 2507 miscentur
607 2435 700 2525 aquis
727 2431 804 2504 hinc
831 2435 973 2528 Tagus,
998 2435 1075 2506 inde
1097 2450 1201 2508 mare.⁴

256 2533 423 2603 Praetereo
451 2531 598 2612 mustos,
622 2530 759 2624 proprio
786 2530 844 2624 qui
868 2531 1006 2602 nomine
1031 2553 1156 2604 nomen

302 2628 483 2700 AEteruum
508 2624 664 2718 Hispanis
684 2624 874 2719 imposuere
898 2629 991 2701 soria.

257 2721 320 2797 Nil
348 2723 436 2801 sitit,
461 2740 498 2796 ut
522 2721 694 2816 perhibent
721 2722 833 2806 dotti,
857 2727 1123 2821 quodltempore
1145 2716 1256 2816 prisco

303 2818 462 2911 Hispanis
486 2818 589 2912 posset
615 2818 649 2891 se
676 2821 876 2916 equiparare
907 2822 1006 2916 jugis.

257 2913 344 2988 Non
368 2917 446 2989 alibi
466 2913 596 3011 Elysios
621 2915 734 2988 mirata
760 2913 806 2986 est
829 2919 962 3004 Gracia
986 2941 1136 3010 campos.

304 3011 379 3083 Hic
403 3011 557 3107 'zephyris
586 3014 736 3108 gravidas
762 3006 908 3091 flamine
924 3014 1008 3086 dixit
1033 3036 1143 3108 aquae.
1220 3039 1223 3044 ·

256 3107 330 3182 Hic
352 3109 471 3204 Tagus
494 3125 619 3182 auratas
644 3109 777 3200 placido
807 3135 884 3184 cum
909 3110 1048 3183 flumine
1071 3129 1183 3186 arenas

304 3206 353 3276 In·
374 3223 514 3298 pontum
538 3203 668 3277 excelso
692 3222 796 3298 ponte
815 3203 974 3297 superbus
996 3205 1076 3302 agit.

258 3299 329 3374 Hic
353 3302 425 3374 auri
449 3303 578 3395 crepuit
601 3303 731 3394 pondus
757 3301 821 3374 ‘sub
843 3327 981 3398 vomere
1007 3305 1114 3396 sape,

303 3399 402 3472 Dum
424 3400 587 3493 pinguem
609 3416 743 3474 exercet
772 3423 893 3471 curvus
918 3419 1026 3472 arator
1053 3397 1210 3474 humum.

258 3497 326 3567 Sed
345 3517 434 3569 nunc
456 3493 481 3568 st
501 3495 625 3587 antiqui
647 3493 766 3570 starent
780 3515 997 3570 monumenta
1023 3497 1153 3568 decoris

305 3591 466 3685 Integra,
489 3589 515 3662 st
540 3589 647 3684 posses
675 3615 809 3665 cernere
832 3593 916 3666 sada
938 3595 1084 3667 ducum:

259 3688 368 3779 Quod
391 3711 503 3769 mare,
524 3691 617 3782 quod
636 3688 732 3762 tessus
752 3707 785 3760 te
807 3689 862 3760 vei
883 3713 944 3782 per
967 3686 1130 3780 inhospita
1147 3681 1259 3783 tesqua

307 3785 493 3870 Tardaret,
513 3783 638 3866 letior,
659 3809 761 3879 quem
786 3808 874 3857 nova
894 3786 981 3860 sama
1002 3784 1118 3859 trahit:

257 3881 357 3974 Quia
379 3883 510 3978 legeres
532 3898 670 3974 portus,
694 3903 782 3976 quor
803 3898 890 3955 terra
913 3881 1051 3958 admittit
1075 3878 1228 3965 Hibera,

306 3974 554 4076 Inspiceresqtte
578 3977 700 4063 urbes,
722 3973 894 4167 flumipap
912 3977 1044 4071 stagna,
1072 3977 1262 4142 immoe-
